<?xml version="1.0" encoding="UTF-8"?><collection xmlns="http://www.loc.gov/MARC21/slim"><record><leader>00396nam--2200133-i-4500</leader><controlfield tag="001">000025856</controlfield><controlfield tag="002">20161230</controlfield><controlfield tag="005">20170127194654</controlfield><controlfield tag="008">060222s1000------------r-----000-0-eng-d</controlfield><datafield ind1=" " ind2=" " tag="245"><subfield code="a">International Repertory Of Computation Laboratories. July 1961 + Suppl. 1,2,3, 4,5,6</subfield></datafield><datafield ind1=" " ind2=" " tag="260"><subfield code="a">Roma</subfield><subfield code="b">Prov. Intern.Computation Centre</subfield><subfield code="c">1961-</subfield></datafield><datafield ind1=" " ind2=" " tag="300"><subfield code="a">pag.Dif</subfield></datafield><datafield ind1=" " ind2=" " tag="852"><subfield code="a">D.1099</subfield></datafield><datafield ind1=" " ind2=" " tag="CAT"><subfield code="a">SYS</subfield><subfield code="c">20170127</subfield><subfield code="h">194654</subfield></datafield></record></collection>